@inproceedings{shapiro_crdt,
  author = {Marc Shapiro and Nuno Pregui{\c c}a and Carlos Baquero and Marek Zawirski},
  title = {Conflict-free Replicated Data Types},
  booktitle = {International Symposium on Stabilization, Safety, and Security of Distributed Systems},
  year = {2011},
  series = {SSS'11},
  pages = {386-400},
}
