@techreport{RFC3501,
  author = {Mark Crispin},
  title = {INTERNET MESSAGE ACCESS PROTOCOL - VERSION 4rev1},
  howpublished = {Internet Requests for Comments},
  type = {RFC},
  number = {3501},
  year = {2003},
  month = {March},
  issn = {2070-1721},
  url = {https://tools.ietf.org/html/rfc3501}
}

@inproceedings{shapiro_crdt,
  author = {Marc Shapiro and Nuno Pregui{\c c}a and Carlos Baquero and Marek Zawirski},
  title = {Conflict-free Replicated Data Types},
  booktitle = {International Symposium on Stabilization, Safety, and Security of Distributed Systems},
  year = {2011},
  series = {SSS'11},
  pages = {386-400},
}

@inproceedings{brewer_CAP,
  author = {Eric Brewer},
  title = {Towards robust Distributed Systems},
  booktitle = {Principles of Distributed Computing},
  series = {PODC'00},
  year = {2000},
  note = {(Invited Talk)}
}

@article{brewer_twelveCAP,
  author = {Eric Brewer},
  journal = {Computer},
  title = {CAP Twelve Years Later: How the "Rules" Have Changed},
  year = {2012},
  volume = {45},
  number = {2},
  pages = {23-29}
}

@article{abadi_pacelc,
  author = {Daniel Abadi},
  journal = {Computer},
  title = {Consistency Tradeoffs in Modern Distributed Database System Design: CAP is Only Part of the Story},
  year = {2012},
  volume = {45},
  number = {2},
  pages = {37-42}
}

@TechReport{shapiro_crdtreport,
  author = {Marc Shapiro and Nuno Pregui{\c c}a and Carlos Baquero and Marek Zawirski},
  title = {A comprehensive study of {C}onvergent and {C}ommutative {R}eplicated {D}ata {T}ypes},
  institution = {INRIA},
  year = {2011}
}
